@book{sutherland,
    author    = "Wilson A. Sutherland",
    title     = "Introduction to Metric \& Topological Spaces",
    year      = "2009",
    publisher = "Oxford University Press",
    address   = "Reading, Massachusetts",
    edition   = {2nd}
}